

@misc{atmosphere,
  author       = {Connerney et al}, 
  title        = {A New Model of Jupiter's Magnetic Field from Juno'sFirst Nine Orbits},
  howpublished = {Journal of Geophysical Research: Planet},
  year         = 2018,
  note         = {Site: \url{https://agupubs.onlinelibrary.wiley.com/doi/10.1002/2018GL077312}}
}

@misc{overview,
  author       = {Jet Propulsion Laboratory}, 
  title        = {Mission Overview},
  howpublished = {Website},
  year         = 2024,
  note         = {Site: \url{https://www.jpl.nasa.gov/news/press_kits/juno/overview/}}
}

@misc{belts,
  author       = {P. Kollmann et al}, 
  title        = {Jupiter's Ion Radiation Belts Inward of Europa's Orbit},
  howpublished = {Journal of Geophysical Research: Space Physics},
  year         = 2020,
  note         = {Site: \url{https://agupubs.onlinelibrary.wiley.com/doi/epdf/10.1029/2020JA028925}}
}

