@misc{atmosphere,
  author       = {Connerney et al}, 
  title        = {A New Model of Jupiter's Magnetic Field from Juno'sFirst Nine Orbits},
  howpublished = {Journal of Geophysical Research: Planet},
  year         = 2018,
  note         = {Site: \url{https://agupubs.onlinelibrary.wiley.com/doi/10.1002/2018GL077312}}
  
}

@misc{otm,
  author       = {Paul W. Stumpf et al}, 
  title        = {Maneuver Operations During Juno's Approach,
ORBIT INSERTION, AND EARLY ORBIT PHASE},
  howpublished = {JPL open repository},
  year         = 2017,
  note         = {Site: \url{https://dataverse.jpl.nasa.gov/file.xhtml?fileId=58768&version=1.1&toolType=PREVIEW}}
  
}

@misc{nasa_otm,
  author       = {S. Stephens}, 
  title        = {Juno Mission Plan Document},
  howpublished = {Planetary Data System},
  year         = 2011,
  note         = {Site: \url{https://pds.nasa.gov/ds-view/pds/viewMissionProfile.jsp?MISSION_NAME=JUNO}}
  
}
 
@misc{slosh,
  author       = {Sathya Gangadharan et al}, 
  title        = {Modeling of Fuel Slosh in a Spin Stabilized Spacecraft with
On-Axis Propellant Tanks Implemented with Diaphragms},
  howpublished = {AIAA Modeling and Simulation Technologies Conference
10 - 13 August 2009, Chicago, Illinois},
  year         = 2009,
  note         = {Site: \url{https://arc.aiaa.org/}}
  
}

@misc{2tankshe,
  title        = {Launch},
  note         = {Site: \url{https://www.missionjuno.swri.edu/launch}}
  
}

@misc{he_tank,
  author       = {Dr. Mary M. Mellott et al}, 
  title        = {NSSDCA/COSPAR ID: 2011-040A},
  howpublished = {Nasa SSDCA},
  year         = 2022,
  note         = {Site: \url{https://nssdc.gsfc.nasa.gov/nmc/spacecraft/display.action?id=2011-040A}}
  
}
@misc{RCS_info,
  title        = {Aerojet Rocketdyne Propulsion plays role in Juno mission},
  howpublished = {Online Communication},
  year         = 2016,
  note         = {Site: \url{https://www.proquest.com}}
  
}

@misc{s405,
  author       = {Dr. Edward. J. Wucherer al}, 
  title        = {Improving and Testing S-405 Catalyst},
  howpublished = {AIAA space forum},
  year         = 2013,
  note         = {Site: \url{https://arc.aiaa.org/doi/epdf/10.2514/6.2013-4053}}
  
}
@misc{RCS_values,
  title        = {MR-111C datasheet},
  note         = {Site: \url{http://www.astronautix.com/m/mr-111.html}}
}
@misc{juno_inner,
  author       = {Thomas A. Pavlak et al}, 
  title        = {Maneuver Design for the Juno Mission: Inner Cruise},
  howpublished = {AIAA space forum},
  year         = 2018,
  note         = {Site: \url{https://arc.aiaa.org/}}
  
}

@misc{Leros,
  author       = {Nammo},
  title        = {Leros 1b engine},
  howpublished = {Journal of Geophysical Research: Planet},
  note         = {Site: \url{https://www.nammo.com/wp-content/uploads/2021/03/2021-Nammo-Westcott-Liquid-Engine-LEROS1B.pdf}}
}

@misc{overview,
  author       = {Jet Propulsion Laboratory}, 
  title        = {Mission Overview},
  howpublished = {Website},
  year         = 2024,
  note         = {Site: \url{https://www.jpl.nasa.gov/news/press_kits/juno/overview/}}
}

@misc{belts,
  author       = {P. Kollmann et al}, 
  title        = {Jupiter's Ion Radiation Belts Inward of Europa's Orbit},
  howpublished = {Journal of Geophysical Research: Space Physics},
  year         = 2020,
  note         = {Site: \url{https://agupubs.onlinelibrary.wiley.com/doi/epdf/10.1029/2020JA028925}}
}

@misc{video_1h,
  author       = {Various}, 
  title        = {Mission Juno - Great documentary on Jupiter and NASA's Juno probe},
  howpublished = {Website},
  year         = 2013,
  note         = {Site: \url{https://www.youtube.com/watch?v=ka6OERznXh4}}
}

@misc{spaceflight101,
  author       = {Various}, 
  title        = {Juno Mission and Trajectory Design},
  howpublished = {Website},
  year         = 2024,
  note         = {Site: \url{https://spaceflight101.com/juno/juno-mission-trajectory-design/}}
}

@misc{batterie,
  author       = {Various}, 
  title        = {Spacecraft Information},
  howpublished = {Website},
  year         = 2024,
  note         = {Site: \url{https://spaceflight101.com/juno/spacecraft-information/}}
}

@misc{NASA1,
  author       = {NASA Jet Propulsion Laboratory}, 
  title        = {NASA’s Juno Mission Expands Into the Future},
  howpublished = {Website},
  year         = 2024,
  note         = {Site: \url{https://www.jpl.nasa.gov/news/nasas-juno-mission-expands-into-the-future}}
}


@misc{NASA2,
  author       = {NASA Jet Propulsion Laboratory}, 
  title        = {NASA online press kit},
  howpublished = {Website},
  year         = 2024,
  note         = {Site: \url{https://www.jpl.nasa.gov/news/press_kits/juno/}}
}


@misc{problemi_motore,
  author       = {Various}, 
  title        = {NASA Juno Spacecraft to remain in Elongated Capture Orbit around Jupiter},
  howpublished = {Website},
  year         = 2017,
  note         = {Site: \url{https://spaceflight101.com/juno/juno-to-remain-in-elongated-capture-orbit/}}
}



@misc{jupiters_atmosphere,
  author       = {Connerney, J. E. P.; Kotsiaros, S.; Oliversen, R. J.; Espley, J. R.; Jørgensen, John Leif; Joergensen, P.
S.; Merayo, José M.G.; Herceg, Matija; Bloxham, J.; Moore, K. M.}, 
  title        = {A New Model of Jupiter's Magnetic Field from Juno's First Nine Orbits},
  howpublished = {Paper},
  year         = 2018,
  note         = {Site: \url{https://backend.orbit.dtu.dk/ws/files/147221632/Connerney_et_al_2018_Geophysical_Research_Letters.pdf}}
}

@article{Key_requirements,
  author       = {Randy Dodge, Mark A. Boyles, Chuck E. Rasbach}, 
  title        = {Key and Driving Requirements for the Juno Payload Suite of 
  Instruments},
  howpublished = {Paper},
  year         = 2012
}

@misc{Juno_launch,
  title        = {Advanced Global Optimisation Tools for Mission Analysis and Design},
  howpublished = {NASA press kit},
  year         = 2011,
  note         = {Site: \url{https://www.jpl.nasa.gov/news/press_kits/JunoLaunch.pdf}}
}

@misc{NASA_horizons,
  author       = {NASA Horizons},
  howpublished = {Website},
  title        = {Ephemerides Data},
  year         = {2024},
  note         = {Site: \url{https://ssd.jpl.nasa.gov/horizons/}}
}

@article{Juno_mission,
  author          = {S.J. Bolton  J. Lunine  D. Stevenson  J.E.P. Connerney  S. Levin  T.C. Owen F. Bagenal  D. Gautier A.P. Ingersoll  G.S. Orton  T. Guillot  W. Hubbard. J. Bloxham  A. Coradini  S.K. Stephen  P. Mokashi  R. Thorne R. Thorpe},
  title           = {The Juno mission},
  howpublished = {Paper},
  year            = {2015}
}

@article{Overview_Juno,
  author          = {Richard Grammier},
  title           = {An overview of the Juno mission Jupiter},
  howpublished = {Paper},
  year            = {2006}
}

@misc{Rad_vault,
  author       = {Installing Juno's radiation vault},
  howpublished = {Website},
  title        = {Radiation vault characteristics},
  year         = {2024},
  note         = {Site: \url{https://www.nasa.gov/image-article/installing-junos-radiation-vault/}}
}

@misc{2006_overview,
  author       = {Richard Grammier},
  howpublished = {Site: \url{https://www.jpl.nasa.gov/missions/juno}},
  title        = {Overview of the Juno Mission to Jupiter},
  year         = {2006}
}

@misc{fact_sheet,
  author       = {Jet Propulsion Laboratory},
  howpublished = {Site: \url{https://www.nasa.gov/}},
  title        = {Juno Mission to Jupiter},
  year         = {2022}
}

@misc{pannelli,
  author       = {Stephen F Dawson Paul Stella William McAlpine Brian Smith},
  howpublished = {Site: \url{https://ntrs.nasa.gov/citations/20130010565}},
  title        = {Juno Photovoltaic Power at Jupiter},
  year         = {2012}
}

@article{launch_period,
  author       = {Theres D. Kowalkowski, Try Lam},
  title        = {Launch Period Development for the Juno Mission to Jupiter},
  howpublished = {Paper},
  year         = {2008}
}

@misc{atlasV_juno,
  author       = {United Launch Alliance},
  howpublished = {Site: \url{https://www.ulalaunch.com/docs/default-source/rockets/atlasvusersguide2010a.pdf?sfvrsn=f84bb59e_2}},
  title        = {Atlas V Juno},
  year         = {2011}
}

@article{pre_launch_update,
  author       = {Rick Nybakken},
  title        = {The Juno Mission to Jupiter: A pre-launch update},
  howpublished = {Paper},
  year         = {2011}
}

@article{juno_navigation,
  author       = {Paul F. Thompson et al},
  title        = {Juno navigation for Jupiter orbit insertion},
  howpublished = {Paper},
  year         = {2017}
}

@misc{masses_ref,
  author       = {NASA JPL},
  howpublished = {Site: \url{https://www.jpl.nasa.gov/news/press_kits/juno/facts/}},
  title        = {Juno Quick Facts},
  year         = {2011}
}

@article{esa_margins,
  author          = {European Space Agency},
  title           = {Margin philosophy for science assessment studies},
  howpublished    = {Paper},
  year            = {2012}
}

@article{prm_redesign,
  author          = {Thomas A. Pavlak et al},
  title           = {Juno trajectory redesign following PRM cancellation},
  howpublished    = {Paper},
  year            = {2017}
}

@article{telecommunication_antennas,
  author          = {Anthony P. Mittskus et al},
  title           = {Telecommunications Antennas for the Juno Mission to Jupiter},
  howpublished    = {Paper},
  year            = {2012}
}
@article{communication_support,
  author          = {Dustin Buccino et al},
  title           = {Detecting Juno’s "Heartbeat": Communications Support during Critical Events of the Juno Mission},
  howpublished    = {Paper},
  year            = {2020}
}

@article{juno_telecommunication,
  author          = {Anthony P. Mittskus et al},
  title           = {Juno Telecommunications},
  howpublished    = {Paper},
  year            = {2012}
}

@article{ka_uplink,
  author          = {Dustin Buccino et al},
  title           = {Juno Gravity Science: Five Years of Radio Science Operations with Ka-band Uplink},
  howpublished    = {Paper},
  year            = {2022}
}

@article{radio_science,
  author          = {Dustin Buccino et al},
  title           = {Capabilities and Performance of Juno’s Radio Science Instrumentation},
  howpublished    = {Paper},
  year            = {2021}
}

@misc{germanio,
   howpublished = {Site: \url{kapton.com}},
  title        = {DuPont™ Kapton},
  }

@article{calibration_performance,
  author          = {Dustin Buccino et al},
  title           = {Calibration and Performance of Juno Radio Science Data},
  howpublished    = {Paper},
  year            = {2020}
}

@misc{dsn_sito,
  title        = {Deep Space Network},
  note         = {Site: \url{https://science.nasa.gov/learn/basics-of-space-flight/chapter18-3/}}
  
}

@article{kurth,
  author          = {Bill Kurth},
  title           = {Juno Spacecraft Description},
  howpublished    = {Paper},
  year            = {2012}
}

@article{stuart,
  author          = {Stuart K. Stephens},
  title           = {The Juno Mission to Jupiter: Lessons from Cruise and Plans for Orbital Operations and Science Return},
  howpublished    = {Paper},
  year            = {2015}
}

@article{shadan,
  author          = {Shadan Ardalan et al.},
  title           = {Juno Orbit Determination Experience During First Year at Jupiter},
  howpublished    = {Paper},
  year            = {2017}
}

@article{mwr,
  author          = {M. A. Janssen},
  title           = {MWR: Microwave Radiometer for the Juno Mission to Jupiter},
  howpublished    = {Paper},
  year            = {2017}
}